@incollection{NIPS2010_3971,
title = {A POMDP Extension with Belief-dependent Rewards},
author = {Araya, Mauricio and Buffet, Olivier and Thomas, Vincent and Fran\c{c}cois Charpillet},
booktitle = {Advances in Neural Information Processing Systems 23},
editor = {J. D. Lafferty and C. K. I. Williams and J. Shawe-Taylor and R. S. Zemel and A. Culotta},
pages = {64--72},
year = {2010},
publisher = {Curran Associates, Inc.},
url = {http://papers.nips.cc/paper/3971-a-pomdp-extension-with-belief-dependent-rewards.pdf}
}
